% This file was created with JabRef 2.6.
% Encoding: Cp1252

@MANUAL{Delta4,
  title = {Delta IV Payload Planner's Guide},
  author = {{Boeing Launch Services}},
  organization = {United Launch Alliance},
  address = {Littleton, Colorado},
  month = {September},
  year = {2007},
  owner = {shimmin},
  timestamp = {2010.08.04},
  type = {Launch Vehicle Manual}
}

@MANUAL{LongMarch,
  title = {LM-3C User's Manual},
  author = {{China Academy of Launch Vehicle Technology}},
  year = {1999},
  owner = {shimmin},
  timestamp = {2010.08.04},
  type = {Launch Vehicle Manual}
}

@MANUAL{Atlas,
  title = {Atlas Launch System Mission Planner's Guide},
  author = {{Commercial Launch Services}},
  organization = {Lockheed Martin Corporation},
  address = {Denver, Colorado},
  month = {January},
  year = {2007},
  owner = {shimmin},
  timestamp = {2010.08.04},
  type = {Launch Vehicle Manual}
}

@MANUAL{H2,
  title = {HII-A Launch Vehicle},
  author = {Public Affairs Department},
  organization = {Japan Aerospace Exploration Agency},
  address = {Tokyo, Japan},
  owner = {shimmin},
  timestamp = {2010.08.04},
  type = {Launch Vehicle Manual}
}

@MANUAL{GSLV,
  title = {GSLV-F04},
  author = {{Indian Space Research Organisation Publications and Public Relations}},
  organization = {Indian Space Research Organisation},
  address = {Bangalore},
  month = {July},
  year = {2007},
  owner = {shimmin},
  timestamp = {2010.08.04},
  type = {Launch Vehicle Manual}
}

@MANUAL{Ariane5,
  title = {Ariane 5 User's Manual},
  author = {Edouard Perez},
  organization = {Arianespace},
  address = {Evry-Courcouronnes Cedex},
  month = {July},
  year = {2008},
  owner = {shimmin},
  timestamp = {2010.08.04},
  type = {Launch Vehicle Manual}
}

@MANUAL{Falcon9,
  title = {Falcon 9 Launch Vehicle Payload User's Guide},
  author = {SpaceX},
  organization = {Space Exploration Technologies},
  address = {Hawthorne, California},
  year = {2008},
  owner = {shimmin},
  timestamp = {2010.08.04},
  type = {Launch Vehicle Manual}
}

@MANUAL{Cyclone4,
  title = {Cyclone 4 Launch Vehicle User's Guide},
  author = {{Yuzhnoye State Design Office}},
  organization = {Yuzhnoye State Design Office},
  address = {Dniepropetrovsk, Ukraine},
  owner = {shimmin},
  timestamp = {2010.08.04},
  type = {Launch Vehicle Manual}
}

@comment{jabref-meta: selector_publisher:}

@comment{jabref-meta: selector_author:}

@comment{jabref-meta: selector_journal:}

@comment{jabref-meta: selector_keywords:}

